@ARTICLE{Geiger2013IJRR,
  author = {Andreas Geiger and Philip Lenz and Christoph Stiller and Raquel Urtasun},
  title = {Vision meets Robotics: The {KITTI} Dataset},
  journal = {International Journal of Robotics Research (IJRR)},
  year = {2013}
} 

@article{bonnefon2015autonomous,
  title={Autonomous vehicles need experimental ethics: Are we ready for utilitarian cars?},
  author={Bonnefon, Jean-Fran{\c{c}}ois and Shariff, Azim and Rahwan, Iyad},
  journal={arXiv preprint arXiv:1510.03346},
  year={2015},
  publisher={eprint}
}


@article{zhou2017voxelnet,
  title={VoxelNet: End-to-End Learning for Point Cloud Based 3D Object Detection},
  author={Zhou, Yin and Tuzel, Oncel},
  journal={arXiv preprint arXiv:1711.06396},
  year={2017}
}

@article{qi2017pointnet,
  title={Pointnet: Deep learning on point sets for 3d classification and segmentation},
  author={Qi, Charles R and Su, Hao and Mo, Kaichun and Guibas, Leonidas J},
  journal={Proc. Computer Vision and Pattern Recognition (CVPR), IEEE},
  volume={1},
  number={2},
  pages={4},
  year={2017}
}

@article{ku2018defense,
  title={In Defense of Classical Image Processing: Fast Depth Completion on the CPU},
  author={Ku, Jason and Harakeh, Ali and Waslander, Steven L},
  journal={arXiv preprint arXiv:1802.00036},
  year={2018}
}

@ARTICLE{yolo,
   author = {{Simon}, M. and {Milz}, S. and {Amende}, K. and {Gross}, H.-M.
	},
    title = "{Complex-YOLO: Real-time 3D Object Detection on Point Clouds}",
  journal = {ArXiv e-prints},
archivePrefix = "arXiv",
   eprint = {1803.06199},
 primaryClass = "cs.CV",
 keywords = {Computer Science - Computer Vision and Pattern Recognition},
     year = 2018,
    month = mar,
   adsurl = {http://adsabs.harvard.edu/abs/2018arXiv180306199S},
  adsnote = {Provided by the SAO/NASA Astrophysics Data System}
}


@article{li20163d,
  title={3D fully convolutional network for vehicle detection in point cloud},
  author={Li, Bo},
  journal={arXiv preprint arXiv:1611.08069},
  year={2016}
}

@inproceedings{ren2015faster,
  title={Faster r-cnn: Towards real-time object detection with region proposal networks},
  author={Ren, Shaoqing and He, Kaiming and Girshick, Ross and Sun, Jian},
  booktitle={Advances in neural information processing systems},
  pages={91--99},
  year={2015}
}

@inproceedings{qi2017pointnet++,
  title={Pointnet++: Deep hierarchical feature learning on point sets in a metric space},
  author={Qi, Charles Ruizhongtai and Yi, Li and Su, Hao and Guibas, Leonidas J},
  booktitle={Advances in Neural Information Processing Systems},
  pages={5105--5114},
  year={2017}
}

@article{ku2017joint,
  title={Joint 3D Proposal Generation and Object Detection from View Aggregation},
  author={Ku, Jason and Mozifian, Melissa and Lee, Jungwook and Harakeh, Ali and Waslander, Steven},
  journal={arXiv preprint arXiv:1712.02294},
  year={2017}
}

@inproceedings{girshickICCV15fastrcnn,
    Author = {Ross Girshick},
    Title = {Fast R-CNN},
    Booktitle = {International Conference on Computer Vision ({ICCV})},
    Year = {2015}
}

@incollection{gasser2016fundamental,
  title={Fundamental and special legal questions for autonomous vehicles},
  author={Gasser, Tom Michael},
  booktitle={Autonomous Driving},
  pages={523--551},
  year={2016},
  publisher={Springer}
}